<record><leader>00000cas a2200000 a 4500</leader><controlfield tag="001">13191457</controlfield><controlfield tag="008">860224d18911931inudn ne      0    0eng d</controlfield><datafield ind1=" " ind2=" " tag="010"><subfield code="a">sn 86058031 </subfield></datafield><datafield ind1=" " ind2=" " tag="040"><subfield code="a">NPI</subfield><subfield code="b">eng</subfield><subfield code="c">NPI</subfield><subfield code="d">KNP</subfield><subfield code="d">NSD</subfield><subfield code="d">CNK</subfield><subfield code="d">OCL</subfield><subfield code="d">OCLCQ</subfield><subfield code="d">OCLCF</subfield><subfield code="d">OCLCO</subfield></datafield><datafield ind1="1" ind2=" " tag="029"><subfield code="a">AU@</subfield><subfield code="b">000022166979</subfield></datafield><datafield ind1=" " ind2=" " tag="042"><subfield code="a">msc</subfield></datafield><datafield ind1=" " ind2=" " tag="043"><subfield code="a">n-us-in</subfield></datafield><datafield ind1="0" ind2=" " tag="130"><subfield code="a">Vincennes commercial (Vincennes, Ind. : Daily)</subfield></datafield><datafield ind1="1" ind2="4" tag="245"><subfield code="a">The Vincennes commercial.</subfield></datafield><datafield ind1="3" ind2="0" tag="246"><subfield code="a">Sunday commercial</subfield></datafield><datafield ind1="3" ind2="0" tag="246"><subfield code="a">Vincennes sun-commercial</subfield></datafield><datafield ind1="1" ind2="7" tag="246"><subfield code="a">Vincennes morning commercial</subfield></datafield><datafield ind1=" " ind2=" " tag="260"><subfield code="a">Vincennes, Ind. :</subfield><subfield code="b">T.H. Adams,</subfield><subfield code="c">1891-1931.</subfield></datafield><datafield ind1=" " ind2=" " tag="310"><subfield code="a">Daily (except Mon.)</subfield></datafield><datafield ind1="0" ind2=" " tag="362"><subfield code="a">New ser., v. 9, no. 69 (May 26, 1891)-v. 47, no. 304 (Jan. 31, 1931).</subfield></datafield><datafield ind1=" " ind2=" " tag="500"><subfield code="a">On Sunday published as: The Sunday commercial, May 31,-&lt;Feb. 24, 1929&gt; and: The Vincennes sun-commercial, Sept. 28, 1930-</subfield></datafield><datafield ind1=" " ind2=" " tag="580"><subfield code="a">Also published in a weekly ed. called: Vincennes commercial.</subfield></datafield><datafield ind1=" " ind2="0" tag="651"><subfield code="a">Vincennes (Ind.)</subfield><subfield code="v">Newspapers.</subfield></datafield><datafield ind1=" " ind2="7" tag="655"><subfield code="a">Newspapers.</subfield><subfield code="2">fast</subfield><subfield code="0">(OCoLC)fst01423814</subfield></datafield><datafield ind1=" " ind2="7" tag="651"><subfield code="a">Indiana</subfield><subfield code="z">Vincennes.</subfield><subfield code="2">fast</subfield><subfield code="0">(OCoLC)fst01211937</subfield></datafield><datafield ind1=" " ind2=" " tag="752"><subfield code="a">United States</subfield><subfield code="b">Indiana</subfield><subfield code="c">Knox</subfield><subfield code="d">Vincennes.</subfield></datafield><datafield ind1="1" ind2=" " tag="775"><subfield code="t">Vincennes commercial (Vincennes, Ind. : Weekly)</subfield><subfield code="w">(DLC)sn 86059156</subfield></datafield><datafield ind1="0" ind2="0" tag="780"><subfield code="t">Vincennes daily commercial</subfield><subfield code="w">(DLC)sn 86059154</subfield></datafield><datafield ind1="0" ind2="7" tag="785"><subfield code="t">Vincennes sun</subfield><subfield code="w">(DLC)sn 82015404</subfield></datafield><datafield ind1="0" ind2="7" tag="785"><subfield code="t">Vincennes sun-commercial</subfield><subfield code="x">1072-3609</subfield><subfield code="w">(DLC)sn 86063069</subfield></datafield></record>